<record><leader>00000cas a2200000 a 4500</leader><controlfield tag="001">13771174</controlfield><controlfield tag="008">860624d18911893okuwr ne      0    0eng d</controlfield><datafield ind1=" " ind2=" " tag="010"><subfield code="a">sn 86064191 </subfield></datafield><datafield ind1=" " ind2=" " tag="040"><subfield code="a">KSH</subfield><subfield code="b">eng</subfield><subfield code="c">KSH</subfield><subfield code="d">NPT</subfield><subfield code="d">KNP</subfield><subfield code="d">OBN</subfield><subfield code="d">OCL</subfield><subfield code="d">OCLCQ</subfield><subfield code="d">OCLCF</subfield><subfield code="d">OCLCO</subfield></datafield><datafield ind1="1" ind2=" " tag="029"><subfield code="a">AU@</subfield><subfield code="b">000022170026</subfield></datafield><datafield ind1=" " ind2=" " tag="042"><subfield code="a">msc</subfield></datafield><datafield ind1=" " ind2=" " tag="043"><subfield code="a">n-us-ok</subfield></datafield><datafield ind1="0" ind2=" " tag="130"><subfield code="a">Oklahoma State capital (Guthrie, Okla. : Weekly)</subfield></datafield><datafield ind1="1" ind2="0" tag="245"><subfield code="a">Oklahoma State capital.</subfield></datafield><datafield ind1="3" ind2=" " tag="246"><subfield code="a">Weekly State capital</subfield></datafield><datafield ind1=" " ind2=" " tag="260"><subfield code="a">Guthrie, Okla. :</subfield><subfield code="b">Frank H. Greer</subfield></datafield><datafield ind1=" " ind2=" " tag="300"><subfield code="a">v.</subfield></datafield><datafield ind1=" " ind2=" " tag="310"><subfield code="a">Weekly</subfield></datafield><datafield ind1="0" ind2=" " tag="362"><subfield code="a">Vol. 2, no. 44 (Jan. 3, 1891)-v. 4, no. 45 (Mar. 11, 1893).</subfield></datafield><datafield ind1=" " ind2="0" tag="651"><subfield code="a">Guthrie (Okla.)</subfield><subfield code="v">Newspapers.</subfield></datafield><datafield ind1=" " ind2="0" tag="651"><subfield code="a">Logan County (Okla.)</subfield><subfield code="v">Newspapers.</subfield></datafield><datafield ind1=" " ind2="7" tag="655"><subfield code="a">Newspapers.</subfield><subfield code="2">fast</subfield><subfield code="0">(OCoLC)fst01423814</subfield></datafield><datafield ind1=" " ind2="7" tag="651"><subfield code="a">Oklahoma</subfield><subfield code="z">Guthrie.</subfield><subfield code="2">fast</subfield><subfield code="0">(OCoLC)fst01220328</subfield></datafield><datafield ind1=" " ind2="7" tag="651"><subfield code="a">Oklahoma</subfield><subfield code="z">Logan County.</subfield><subfield code="2">fast</subfield><subfield code="0">(OCoLC)fst01205715</subfield></datafield><datafield ind1=" " ind2=" " tag="752"><subfield code="a">United States</subfield><subfield code="b">Oklahoma</subfield><subfield code="c">Logan</subfield><subfield code="d">Guthrie.</subfield></datafield><datafield ind1="0" ind2=" " tag="775"><subfield code="t">Daily Oklahoma State capital</subfield><subfield code="w">(DLC)sn 85042308</subfield><subfield code="w">(OCoLC)12109194</subfield></datafield><datafield ind1="0" ind2="0" tag="780"><subfield code="t">Weekly Oklahoma State capital (Guthrie, Indian Terr. : 1890)</subfield><subfield code="w">(DLC)sn 86064190</subfield><subfield code="w">(OCoLC)13771077</subfield></datafield><datafield ind1="0" ind2="0" tag="785"><subfield code="t">Weekly Oklahoma State capital (Guthrie, Okla. : 1893)</subfield><subfield code="w">(DLC)sn 86064192</subfield><subfield code="w">(OCoLC)13771094</subfield></datafield></record>